
@misc{sheehy_experience_2024,
	title = {Expérience 4 : {Filtrage} spatial},
	language = {fr},
	publisher = {Polytechnique Montréal},
	author = {Sheehy, Guillaume and Picot, Fabien and Nguyen, Tien and Zamani, Esmat},
	month = sep,
	year = {2024},
}
